This file was created with JabRef 2.2.
Encoding: UTF-8

@ARTICLE{Thomas1996,
  author = {Thomas L. Casavant and Jon G. Kuhl},
  title = {A Taxonomy of Scheduling in General-Purpose Distributed Computing
	Systems},
  year = {1996},
  pages = {37},
  owner = {tonismar},
  timestamp = {2007.10.27},
  url = {http://www.eng.uiowa.edu/~tomc/papers/taxo.ps.gz}
}

@ARTICLE{Cirne2002,
  author = {Walfredo Cirne},
  title = {Grids Computacionais: Arquiteturas, Tecnologias e Aplicações},
  year = {2002},
  pages = {46},
  owner = {tonismar},
  timestamp = {2007.10.26},
  url = {http://walfredo.dsc.ufcg.edu.br/papers/Grids%20Computacionais-%20WSCAD.pdf}
}

@ARTICLE{Karl1998,
  author = {Karl Czajkowski and Ian Foster and Nicholas Karonis and Carl Kesselman
	and Stuart Martin and Warren Smith and Steven Tuecke},
  title = {A Resource Management Architecture for Metacomputing Systems},
  year = {1998},
  pages = {19},
  owner = {tonismar},
  timestamp = {2007.10.27},
  url = {ftp://ftp.globus.org/pub/globus/papers/gram97.pdf}
}

@ARTICLE{Kesselman2001,
  author = {Ian Foster and Steven Tuecke and Carl Kesselman},
  title = {The Anatomy of the Grid Enabling Scalable Virtual Organizations},
  year = {2001},
  pages = {25},
  owner = {tonismar},
  timestamp = {2007.10.23},
  url = {http://www.globus.org/alliance/publications/papers/anatomy.pdf}
}

@ARTICLE{Mangan2006,
  author = {Patrícia Kayser Vargas Mangan},
  title = {GRAND: Um Modelo de Gerenciamento Hierárquico de Aplicações em Ambiente
	de Computação em Grade},
  year = {2006},
  pages = {150},
  owner = {tonismar},
  timestamp = {2007.10.23}
}

@ARTICLE{Nino2006,
  author = {Cássia Pereira Nino},
  title = {Consciência do Contexto e da Mobilidade do Aprendiz em um Ambiente
	de Educação Pervasiva},
  year = {2006},
  pages = {77},
  owner = {tonismar},
  timestamp = {2007.10.29},
  url = {http://saloon.inf.ufrgs.br/twiki-data/Projetos/ISAM/GlobalEdu/MonografiaCassia.pdf}
}

@MISC{M.2002,
  author = {M. Roehrig and Wolfgang Ziegler and Philipp Wieder},
  title = {Grid Scheduling Dictionary of Terms and Keywords},
  month = {November},
  year = {2002},
  note = {http://www.ggf.org/documents/GFD.11.pdf},
  owner = {tonismar},
  pdf = {GFD-I.11},
  timestamp = {2007.10.27},
  url = {http://www.ggf.org/documents/GFD.11.pdf}
}

@BOOK{Tanenbaum1995,
  title = {Distributed Operating System},
  publisher = {Prentice Hall; US Ed edition (August 25, 1994)},
  year = {1994},
  author = {A. S. Tanenbaum},
  pages = {648},
  owner = {tonismar},
  timestamp = {2007.10.28}
}

@ARTICLE{Vargas2005,
  author = {Patrícia Kayser Vargas and Inês de Castro Dutra and Vinícius Dalto
	do Nascimento and Lucas A. S. Santos and Luciano C. da Silva and
	Cláudio F. R. Geyer and Bruno Schulze},
  title = {Hierarchical Submission in a Grid Environment},
  year = {2005},
  month = {December},
  owner = {tonismar},
  timestamp = {2007.10.28},
  url = {http://www.cos.ufrj.br/~kayser/grand/pdfs/MGC2005-vargas2.pdf}
}

@comment{jabref-meta: selector_publisher:}

@comment{jabref-meta: selector_author:}

@comment{jabref-meta: selector_note:}

@comment{jabref-meta: selector_journal:}

@comment{jabref-meta: selector_keywords:}

