This file was created with JabRef 2.2.
Encoding: UTF-8

@OTHER{Globus,
  author = {The Globus Aliance - http://www.globus.org/alliance/publications/papers.php},
  citeseerurl = {http://www.globus.org/alliance/publications/papers.php},
  owner = {tonismar},
  timestamp = {2007.11.11},
  title = {The Globus Aliance}
}

@ARTICLE{Andrade2002,
  author = {Nazareno Andrade},
  title = {Acesso em grids computacionais: estado da arte e prespectivas},
  year = {2002},
  pages = {16},
  owner = {tonismar},
  timestamp = {2007.11.11},
  url = {http://www.lsd.ufcg.edu.br/~nazareno/documentos/acessoEmGrids.ps}
}

@ARTICLE{Andrade,
  author = {Nazareno Andrade and Lauro Costa and Guilherme Germóglio and Walfredo
	Cirne},
  title = {Peer-to-peer grid computing with the OurGrid Community},
  pages = {8},
  owner = {tonismar},
  timestamp = {2007.11.04},
  url = {http://dragao.lsd.ufcg.edu.br/twiki-public/pub/OurGrid/OurPublications/salao2005.pdf}
}

@TECHREPORT{Araujo2007,
  author = {Eliane Cristina de Araújo},
  title = {Laboratórios do mundo uni-vos!!! O projeto OurGrid},
  institution = {Universidade de Campina Grande - Laboratório de Sistema Distribuído},
  year = {2007},
  owner = {tonismar},
  timestamp = {2007.11.04},
  url = {http://www.ourgrid.org/twiki-public/pub/OG/OurPresentations/sinec.ppt}
}

@ARTICLE{Barreto2000,
  author = {Marcos Ennes Barreto},
  title = {DECK: Um Ambiente para Programação Paralela em Agregados de Multiprocessadores},
  year = {2000},
  month = {Abril},
  owner = {tonismar},
  timestamp = {2008.06.12}
}

@ARTICLE{Bayucan1998,
  author = {Albeaus Bayucan and Robert L. Henderson and Casimir Lesiak and Bhroam
	Man and Tom Proett and Dave Tweten},
  title = {Portable Batch System - External Reference Specification},
  year = {1998},
  pages = {281},
  month = {Agosto},
  owner = {tonismar},
  timestamp = {2007.11.11},
  url = {http://www.nas.nasa.gov/Software/PBS/pbsdocs/ers.ps}
}

@ARTICLE{Bayucan2007,
  author = {Albeaus Bayucan and Robert L. Henderson and Casimir Lesiak and Bhroam
	Mann and Tom Proett and Dave Tweten},
  title = {Numerical Aerospace Simulation Systems Division NASA Ames Research
	Center},
  year = {2007},
  pages = {281},
  owner = {tonismar},
  timestamp = {2007.11.07},
  url = {http://www.nas.nasa.gov/Software/PBS/pbsdocs/ers.ps}
}

@ARTICLE{Bayucan1998a,
  author = {Albeaus Bayucan and Casimir Lesiak and Bhroam Mann and Robert L.
	Henderson and Tom Proett and Dave Tweten},
  title = {PBS - Internal Design Specification},
  year = {1998},
  pages = {867},
  owner = {tonismar},
  timestamp = {2008.05.28},
  url = {http://www.nas.nasa.gov/Software/PBS/pbsdocs/ids.ps}
}

@ARTICLE{Thomas1996,
  author = {Thomas L. Casavant and Jon G. Kuhl},
  title = {A Taxonomy of Scheduling in General-Purpose Distributed Computing
	Systems},
  year = {1996},
  pages = {37},
  owner = {tonismar},
  timestamp = {2007.10.27},
  url = {http://www.eng.uiowa.edu/~tomc/papers/taxo.ps.gz}
}

@TECHREPORT{Ciesnik2007,
  author = {Lukasz Ciesnik and Piortr Domagalski and Krzysztof Kurowski and Pawel
	Lichocki},
  title = {PBS/Torque DRMAA 1.0 Implementation - Experience Report (GFD-117)},
  institution = {Poznan Supercomputing and Networking Center and Poland FedStage Systems
	Inc.},
  year = {2007},
  month = {Setembro},
  owner = {tonismar},
  timestamp = {2007.11.11},
  url = {http://www.ogf.org/documents/GFD.117.pdf}
}

@ARTICLE{Cirne2002,
  author = {Walfredo Cirne},
  title = {Grids Computacionais: Arquiteturas, Tecnologias e Aplicações},
  year = {2002},
  pages = {46},
  owner = {tonismar},
  timestamp = {2007.10.26},
  url = {http://walfredo.dsc.ufcg.edu.br/papers/Grids%20Computacionais-%20WSCAD.pdf}
}

@ARTICLE{Karl1998,
  author = {Karl Czajkowski and Ian Foster and Nicholas Karonis and Carl Kesselman
	and Stuart Martin and Warren Smith and Steven Tuecke},
  title = {A Resource Management Architecture for Metacomputing Systems},
  year = {1998},
  pages = {19},
  owner = {tonismar},
  timestamp = {2007.10.27},
  url = {ftp://ftp.globus.org/pub/globus/papers/gram97.pdf}
}

@BOOK{Dantas2005,
  title = {Computação Distribuída de Alto Desempenho: Redes, Clusters e Grids
	Computacionais},
  year = {2005},
  editor = {Axcel Books},
  author = {Mario Antônio R. Dantas},
  pages = {278},
  owner = {tonismar},
  timestamp = {2007.11.07}
}

@OTHER{exehda,
  author = {EXEHDA},
  keywords = {http://www.inf.ufrgs.br/~exehda/index.php},
  owner = {tonismar},
  timestamp = {2008.05.25},
  title = {Apresentação do EXEHDA - http://www.inf.ufrgs.br/~exehda/index.php},
  url = {http://www.inf.ufrgs.br/~exehda/index.php}
}

@ARTICLE{Foster1998,
  author = {Ian Foster and Carl Kesselman},
  title = {The Globus Project: A Status Report},
  year = {1998},
  pages = {15},
  owner = {tonismar},
  timestamp = {2007.11.05},
  url = {ftp://ftp.globus.org/pub/globus/papers/globus-hcw98.pdf}
}

@ARTICLE{Foster2002,
  author = {Ian Foster and Carl Kesselman and Jeffrey M. Nick and Steven Tuecke},
  title = {The Physiology of the Grid: An Open Grid Services Architecture for
	Distributed Systems Integration},
  year = {2002},
  pages = {31},
  month = {Junho},
  owner = {tonismar},
  timestamp = {2007.11.05},
  url = {http://www.globus.org/alliance/publications/papers/ogsa.pdf}
}

@ARTICLE{Kesselman2001,
  author = {Ian Foster and Steven Tuecke and Carl Kesselman},
  title = {The Anatomy of the Grid Enabling Scalable Virtual Organizations},
  year = {2001},
  pages = {25},
  owner = {tonismar},
  timestamp = {2007.10.23},
  url = {http://www.globus.org/alliance/publications/papers/anatomy.pdf}
}

@TECHREPORT{Haas2004,
  author = {Andreas Haas},
  title = {DRMAA State of C binding/implementation DRMAA implementation compliance
	test},
  institution = {Sun Microsystems},
  year = {2004},
  month = {Março},
  owner = {tonismar},
  timestamp = {2007.11.03},
  url = {https://forge.gridforum.org/sf/go/doc5550?nav=1}
}

@TECHREPORT{Herrera2007,
  author = {Jose Herrera and Eduardo Huedo and Ruben S. Montero and Ignacio M.
	Llorente},
  title = {GridWay DRMAA 1.0 Implementation – Experience Report (GFD-104)},
  institution = {Universidad Complutense de Madrid},
  year = {2007},
  month = {Fevereiro},
  owner = {tonismar},
  timestamp = {2007.11.11},
  url = {http://www.ogf.org/documents/GFD.104.pdf}
}

@MISC{condor2007,
  author = {High Throughput Computing (CONDOR), An Overview of the Condor System},
  title = {High Throughput Computing (CONDOR), An Overview of the Condor System},
  year = {2007},
  note = {acessado em Agosto de 2007},
  keywords = {condor},
  owner = {tonismar},
  timestamp = {2008.04.06},
  url = {http://www.cs.wisc.edu/condor/overview}
}

@OTHER{isam,
  author = {ISAM},
  keywords = {http://www.inf.ufrgs.br/~isam/#apresentacao},
  owner = {tonismar},
  timestamp = {2007.11.11},
  title = {Apresentação do ISAM - http://www.inf.ufrgs.br/~isam/},
  url = {http://www.inf.ufrgs.br/~isam/#apresentacao}
}

@MISC{Jr.2002,
  author = {Marcelo Augusto Cardozo Jr.},
  title = {Uma Contribuição à Comunicação e a Coordenação no EXEHDA},
  month = {Outubro},
  year = {2002},
  owner = {tonismar},
  timestamp = {2007.11.04},
  url = {http://www.ufpel.tche.br/prg/sisbi/bibct/acervo/info/2002/mono_marcelo.pdf}
}

@ARTICLE{Leon2006,
  author = {Juan Eduardo Murrieta León},
  title = {Análisis Comparativo GT 2.4 - GT 4.0},
  journal = {Semana de Cómputo Científico - Supercómputo, Visualización y Realidad
	Virtual},
  year = {2006},
  pages = {60},
  owner = {tonismar},
  timestamp = {2007.11.11}
}

@TECHREPORT{Llorente2005,
  author = {Ignacio Martín Llorente},
  title = {DRMAA for GridWay},
  institution = {Grupo de Arquitetura de Sistema Distribuídos e Segurança and Departamento
	de Arquitetura de Computadores and Universidade Complutense de Madri
	and Laboratório de Computação Avançada and Simulação e Aplicação
	Telemáticas and Centro de Astrobiologia CSIC/INTA associado a NASA
	Instituto de Astrobiologia},
  year = {2005},
  month = {Março},
  owner = {tonismar},
  timestamp = {2007.11.03},
  url = {https://forge.gridforum.org/sf/docman/do/downloadDocument/projects.drmaa-wg/docman.root.ggf_13_drmaa_tutorial/doc5551}
}

@ARTICLE{Mangan2006,
  author = {Patrícia Kayser Vargas Mangan},
  title = {GRAND: Um Modelo de Gerenciamento Hierárquico de Aplicações em Ambiente
	de Computação em Grade},
  year = {2006},
  pages = {150},
  owner = {tonismar},
  timestamp = {2007.10.23}
}

@ARTICLE{Nino2006,
  author = {Cássia Pereira Nino},
  title = {Consciência do Contexto e da Mobilidade do Aprendiz em um Ambiente
	de Educação Pervasiva},
  year = {2006},
  pages = {77},
  owner = {tonismar},
  timestamp = {2007.10.29},
  url = {http://saloon.inf.ufrgs.br/twiki-data/Projetos/ISAM/GlobalEdu/MonografiaCassia.pdf}
}

@ARTICLE{Nobres2007,
  author = {Wagner S. Nobres},
  title = {Ánalise do Impacto da Aplicação de Métricas de Qualidade de Software
	Orientado a Objetos no Desempenho de Grids Computacionais},
  journal = {Ciência da Computação/UNILASALLE. TCC em andamento},
  year = {2007},
  owner = {tonismar},
  timestamp = {2007.11.13}
}

@ARTICLE{Nemeth2002,
  author = {Zsolt Németh and Vaidy Sunderam},
  title = {A Formal Framework for Defining Grid Systems},
  year = {2002},
  pages = {10},
  month = {Maio},
  owner = {tonismar},
  timestamp = {2007.11.05},
  url = {http://www.lpds.sztaki.hu/~zsnemeth/pub/ccgrid02.pdf}
}

@OTHER{drmaa_pbs,
  author = {DRMAA for PBS},
  timestamp = {2008.05.27},
  title = {FedStage DRMAA for PBS - {https://www.fedstage.com/wiki/}},
  url = {https://www.fedstage.com/wiki/FedStage_DRMAA_Guide}
}

@ARTICLE{GridFTP,
  author = {The Globus Project},
  title = {GridFTP - Universal Data Transfer for the Grid},
  year = {2000},
  pages = {10},
  month = {September},
  owner = {tonismar},
  pdf = {www.globus.org/toolkit/dosc/2.4/datagrid/deliverables/C2WPdraft3.pdf},
  timestamp = {2008.05.23}
}

@ARTICLE{Rajic2004,
  author = {Hrabir Rajic and Roger Brobst and Waiman Chan and Fritz Ferstl and
	Jeff Gardine and Andreas Hass ans Bill Nitzber and John Tollefsrud},
  title = {Open Grid Forum Documents, Distributed Resource Management Application
	API Specification 1.0 (DRMAA)},
  year = {2004},
  pages = {29},
  month = {Junho},
  owner = {tonismar},
  timestamp = {2007.11.03},
  url = {http://www.ogf.org/documents/GFD.22.pdf}
}

@ARTICLE{Rajic2002,
  author = {Hrabir Rajic and Roger Brobst and Cadence Design Systems and Waiman
	Chan and Fritz Ferstl and Jeff Gardiner and Andreas Haas and Bill
	Nitzberg and John Tollefsrud},
  title = {Distributed Resource Management Application API Specification},
  year = {2002},
  pages = {20},
  owner = {tonismar},
  timestamp = {2007.11.11},
  url = {http://www.gridforum.org/Meetings/ggf6/ggf6_wg_papers/DRMAA-1_11a.pdf}
}

@MISC{M.2002,
  author = {M. Roehrig and Wolfgang Ziegler and Philipp Wieder},
  title = {Grid Scheduling Dictionary of Terms and Keywords},
  month = {November},
  year = {2002},
  file = {GFD-I.11:GFD-I.11:PDF},
  owner = {tonismar},
  timestamp = {2007.10.27},
  url = {http://www.ggf.org/documents/GFD.11.pdf}
}

@ARTICLE{Santos,
  author = {Lucas Alberto Souza Santos and Marcelo Trindade Rebonatto and Patrícia
	Kayser Vargas and Cláudio F. R. Geyer},
  title = {Uma Proposta de Escalonamento Colaborativo de Aplicações em um Ambiente
	de Computação em Grade},
  pages = {8},
  owner = {tonismar},
  timestamp = {2007.11.04},
  url = {http://www.cos.ufrj.br/grand/pdfs/WSCAD2005-Lucas.pdf}
}

@ARTICLE{Silva,
  author = {Hélio Antônio Mirana da Silva and Tórgan Flores de Siqueira and Leonardo
	Rech Dalpiaz and Ingrid Jansh-Pôrto and Taisy Silva Weber},
  title = {Implementação de um Mecanismo de Recuperação por Retorno para o Ambiente
	de Computação OurGrid},
  pages = {12},
  owner = {tonismar},
  timestamp = {2007.11.04},
  url = {http://www.lbd.dcc.ufmg.br:8080/colecoes/wtf/2006/st5_2.pdf}
}

@BOOK{Tanenbaum1995,
  title = {Distributed Operating System},
  publisher = {Prentice Hall; US Ed edition (August 25, 1994)},
  year = {1994},
  author = {A. S. Tanenbaum},
  pages = {648},
  owner = {tonismar},
  timestamp = {2007.10.28}
}

@TECHREPORT{Templeton,
  author = {Daniel Templeton and Senior Staff Engineer and Sun Microsystems GmbH},
  title = {GGF13: DRMAA Tutorial C and Java Language Bindings},
  institution = {Sun Microsystems},
  owner = {tonismar},
  timestamp = {2007.11.03},
  url = {https://forge.gridforum.org/sf/docman/do/downloadDocument/projects.drmaa-wg/docman.root.ggf_13_drmaa_tutorial/doc5552}
}

@TECHREPORT{Templeton2006,
  author = {Daniel Templeton and Andreas Haas},
  title = {N1™ Grid Engine DRMAA 1.0 Implementation – Experience Report (GFD-105)},
  institution = {Sun Microsystems, Inc.},
  year = {2006},
  month = {Maio},
  owner = {tonismar},
  timestamp = {2007.11.11},
  url = {http://www.ogf.org/documents/GFD.105.pdf}
}

@ARTICLE{Templeton2003,
  author = {Daniel Templeton and Peter Tröger and Roger Brobst and Andreas Haas
	and Hrabri Rajic and John Tollefsrud},
  title = {Distributed Resource Management Application API JavaTM Language Bindings
	1.0},
  year = {2003},
  pages = {56},
  owner = {tonismar},
  pdf = {http://www.ogf.org/pipermail/drmaa-wg/attachments/20070507/fe28e77a/attachment-0001.pdf},
  timestamp = {2008.05.27},
  url = {http://www.ogf.org/pipermail/drmaa-wg/attachments/20070507/fe28e77a/attachment-0001.pdf}
}

@TECHREPORT{Troeger2007,
  author = {Peter Tröger and Becky Gietzel},
  title = {Condor DRMAA 1.0 Implementation - Experience Report (GFD-103)},
  institution = {Hasso-Plattner-Institute and University of Wisconsin-Madison},
  year = {2007},
  month = {Fevereiro},
  owner = {tonismar},
  timestamp = {2007.11.11},
  url = {http://www.ogf.org/documents/GFD.103.pdf}
}

@ARTICLE{Vargas2003,
  author = {Patrícia Kayser Vargas and Inês de Castro Dutra and Cláudio F. R.
	Geyer},
  title = {Hierarchical Resource Management and Application Control in Grid
	Environments},
  year = {2003},
  pages = {8},
  note = {Relatório Técnico ES-608/03, COPPE/Sistemas UFRJ},
  owner = {tonismar},
  timestamp = {2007.11.07},
  url = {http://www.cos.ufrj.br/grand/pdfs/es60803.pdf}
}

@ARTICLE{Vargas2005,
  author = {Patrícia Kayser Vargas and Inês de Castro Dutra and Vinícius Dalto
	do Nascimento and Lucas A. S. Santos and Luciano C. da Silva and
	Cláudio F. R. Geyer and Bruno Schulze},
  title = {Hierarchical Submission in a Grid Environment},
  year = {2005},
  month = {December},
  owner = {tonismar},
  timestamp = {2007.10.28},
  url = {http://www.cos.ufrj.br/~kayser/grand/pdfs/MGC2005-vargas2.pdf}
}

@ARTICLE{LegionFS,
  author = {Brian S. White and Michael Walker and Marty Humphrey and Andrew S.
	Grimshaw},
  title = {{LegionFS}: {A} Secure and Scalable File System Supporting Cross-Domain
	High-Performance Applications},
  year = {2001},
  pages = {10},
  owner = {tonismar},
  pdf = {www.sc2001.org/papers/pap.pap324.pdf},
  timestamp = {2008.05.23}
}

@OTHER{eclipse,
  owner = {tonismar},
  timestamp = {2008.06.05},
  title = {Eclipse {http://www.eclipse.org}},
  url = {http://www.eclipse.org}
}

@OTHER{javacc,
  owner = {tonismar},
  timestamp = {2008.05.24},
  title = {JavaCC {https://javacc.dev.java.net/}},
  url = {https://javacc.dev.java.net/}
}

@OTHER{jni,
  owner = {tonismar},
  timestamp = {2008.06.03},
  title = {Java Native Interface - JNI {http://java.sun.com/j2se/1.4.2/docs/guide/jni/}},
  url = {http://java.sun.com/j2se/1.4.2/docs/guide/jni/}
}

@OTHER{netbeans,
  owner = {tonismar},
  timestamp = {2008.06.05},
  title = {NetBeans IDE {http://www.netbeans.org}},
  url = {http://www.netbeans.org}
}

@OTHER{sunhpc,
  owner = {tonismar},
  timestamp = {2008.06.10},
  title = {Sun HPC ClusterTools {http://docs.sun.com/source/819-4131-10/Introduction.html}},
  url = {http://docs.sun.com/source/819-4131-10/Introduction.html}
}

@OTHER{umbrello,
  owner = {tonismar},
  timestamp = {2008.06.05},
  title = {Umbrello UML Modeller {http://uml.sf.net}},
  url = {http://uml.sf.net}
}

@OTHER{appman,
  owner = {tonismar},
  timestamp = {2008.06.20},
  title = {AppMan Overview {http://www.cos.ufrj.br/grand/appman/}},
  url = {http://www.cos.ufrj.br/grand/appman/}
}

@comment{jabref-meta: selector_publisher:}

@comment{jabref-meta: selector_Title:}

@comment{jabref-meta: selector_author:}

@comment{jabref-meta: selector_note:}

@comment{jabref-meta: selector_journal:}

@comment{jabref-meta: selector_keywords:}

