This file was created with JabRef 2.2.
Encoding: UTF-8

@ARTICLE{,
  author = {Ian Foster, Steven Tuecke, Carl Kesselman},
  title = {The Anatomy of the Grid Enabling Scalable Virtual Organizations},
  journal = {http://www.globus.org/alliance/publications/papers/anatomy.pdf},
  pages = {25},
  owner = {tonismar},
  timestamp = {2007.10.23}
}

@ARTICLE{Mangan2006,
  author = {Patrícia Kayser Vargas Mangan},
  title = {GRAND: Um Modelo de
	
	Gerenciamento Hierárquico de Aplicações em Ambiente de
	
	Computação em Grade},
  year = {2006},
  pages = {150},
  owner = {tonismar},
  timestamp = {2007.10.23}
}

@comment{jabref-meta: selector_publisher:}

@comment{jabref-meta: selector_author:}

@comment{jabref-meta: selector_journal:}

@comment{jabref-meta: selector_keywords:}

